@ARTICLE{yt,
   author = {{Turk}, M.~J. and {Smith}, B.~D. and {Oishi}, J.~S. and {Skory}, S. and 
	{Skillman}, S.~W. and {Abel}, T. and {Norman}, M.~L.},
    title = "{yt: A Multi-code Analysis Toolkit for Astrophysical Simulation Data}",
  journal = {\apjs},
archivePrefix = "arXiv",
   eprint = {1011.3514},
 primaryClass = "astro-ph.IM",
 keywords = {cosmology: theory, methods: data analysis, methods: numerical},
     year = 2011,
    month = jan,
   volume = 192,
      eid = {9},
    pages = {9},
      doi = {10.1088/0067-0049/192/1/9},
      url = {http://iopscience.iop.org/article/10.1088/0067-0049/192/1/9},
   adsurl = {http://adsabs.harvard.edu/abs/2011ApJS..192....9T},
  adsnote = {Provided by the SAO/NASA Astrophysics Data System}
}

@article{stodden14,
   author = {{Stodden}, V. and {Miguez}, S.},
    title = "{Best Practices for Computational Science: Software Infrastructure and Environments for Reproducible
and Extensible Research}",
  journal = {Journal of Open Research Software},
     year = 2014,
   volume = {2(1)},
    pages = {e21}, 
      url = {http://doi.org/10.5334/jors.ay}
}

@techreport{swan,
      author        = "Piparo, Danilo and Tejedor, Enric and Mato, Pere and
                       Mascetti, Luca and Moscicki, Jakub and Lamanna, Massimo",
      title         = "{SWAN: a Service for Interactive Analysis in the Cloud}",
      institution   = "CERN",
      collaboration = "EP-IT Departments Collaboration",
      address       = "Geneva",
      number        = "CERN-OPEN-2016-005",
      month         = "Jun",
      year          = "2016",
      reportNumber  = "CERN-OPEN-2016-005",
      url           = "https://cds.cern.ch/record/2158559",
}
